%% This BibTeX bibliography file was created using BibDesk.
%% http://bibdesk.sourceforge.net/

%% Created for Natalia de Faria at 2017-04-19 19:13:49 -0300 


%% Saved with string encoding Unicode (UTF-8) 


%% https://truben.no/latex/bibtex/
@book{patterson2006,
	Address = {},
	Author = {David A Patterson and John L Hennesy},
	Date-Added = {2017-04-19 22:07:38 +0000},
	Date-Modified = {2017-04-19 22:13:29 +0000},
	Edition = {3},
	Publisher = {Morgan Kaufmann},
	Title = {Computer architecture},
	subtitle={a quantitative approach},
	Year = {2006}
}

@book{Compilers-Kenneth,
	Address = {},
	Author = {Kenneth C. Louden},
	Edition = {1},
	Publisher = {Cengage Learning},
	Title = {Compiler construction},
	subtitle={principles and practice},
	Year = {1997}
}

@manual{NBR6028:2003,
	Address = {Rio de Janeiro},
	Date-Added = {2012-12-15 21:02:12 +0000},
	Date-Modified = {2012-12-15 21:02:50 +0000},
	Month = {nov.},
	Org-Short = {ABNT},
	Organization = {Associa{\c c}\~ao Brasileira de Normas T\'ecnicas},
	Pages = 2,
	Subtitle = {Resumo - Apresenta{\c c}{\~a}o},
	Title = {{NBR} 6028},
	Year = 2003}

@book{patterson2017,
    address={Rio de Janeiro},
    author={David Patterson},
    Edition = {5},
    publisher={GEN LTC},
    subtitle={a interface hardware/software},
    title={Organização e projeto de computadores},    
    year={2017}
}

@book{stallings2017,
    address={São Paulo},
    author={Willian Stallings},
    Edition = {10},
    publisher={Pearson},
    title={Arquitetura e Organização de Computadores},    
    year={2017}
}


@misc{SiteVonVsHarvard,
  organization = {Editoriais da TMLT},
  title = {10 diferenças entre Von Neumann e Harvard architecture},
  year = 2021,
  url = {https://www.currentschoolnews.com/pt/notícias-de-educação/diferença-entre-a-arquitetura-de-von-neumann-e-harvard/},
  note = {Accesso em: 14 maio 2022},
  urldate = {2010-09-30}
}
